https://www.javaspecialists.eu/archive/Issue059.html